
@article{Li:2008zr,
	Author = {Li, Heng and others},
	Journal = {Genome Res},
	Month = {Nov},
	Pages = {1851-8},
	Title = {{Mapping short DNA sequencing reads and calling variants using mapping quality scores}},
	Volume = {18},
	Year = {2008}}

@article{Li:2009fu,
	Author = {Li, Ruiqiang and others},
	Journal = {Genome Res},
	Month = {Jun},
	Pages = {1124-32},
	Title = {{SNP detection for massively parallel whole-genome resequencing}},
	Volume = {19},
	Year = {2009}}

@article{Hodgkinson:2010uq,
	Author = {Hodgkinson, Alan and Eyre-Walker, Adam},
	Journal = {Genetics},
	Month = {Jan},
	Pages = {233-41},
	Title = {Human triallelic sites: evidence for a new mutational mechanism?},
	Volume = {184},
	Year = {2010}}

@book{Brent:1973kx,
	Author = {R. P. Brent},
	Publisher = {Prentice-Hall, Englewood Cliffs, New Jersey},
	Title = {Algorithms for Minimization without Derivatives},
	Year = {1973}}

@book{Durbin:1998uq,
	Author = {Durbin, Richard and others},
	Publisher = {Cambridge University Press},
	Title = {Biological sequence analysis},
	Year = {1998}}
